@InProceedings{Harier2014:Challenges,
    author="Hairer, Ernst",
    editor="Ancona, Vincenzo and Strickland, Elisabetta",
    title="Challenges in Geometric Numerical Integration",
    booktitle="Trends in Contemporary Mathematics",
    year="2014",
    publisher="Springer International Publishing",
    pages="125-135",
    isbn="978-3-319-05254-0"
}

@Inbook{Hairer2006,
    author="Hairer, Ernst and Wanner, Gerhard and Lubich, Christian",
    title="Examples and Numerical Experiments",
    bookTitle="Geometric Numerical Integration: Structure-Preserving Algorithms for Ordinary Differential Equations",
    year="2006",
    publisher="Springer Berlin Heidelberg",
    address="Berlin, Heidelberg",
    pages="1--26",
    isbn="978-3-540-30666-5",
    doi="10.1007/3-540-30666-8_1",
    url="https://doi.org/10.1007/3-540-30666-8_1"
}

@ARTICLE {Rahman1964,
    author  = "Aneesur Rahman",
    title   = "Correlations in the Motion of Atoms in Liquid Argon",
    journal = "Physical Review",
    year    = "1964",
    volume  = "136",
    number  = "2A",
    pages   = "405-411"
}

@ARTICLE {Verlet1967,
    author  = "Loup Verlet",
    title   = "Computer Experiments on Classical Fluids. I. Thermodynamical Properties of Lennard -Jones Molecules",
    journal = "Physical Review",
    year    = "1967",
    volume  = "159",
    number  = "1",
    pages   = "98-103"
}